@article{pendlebury2015revised,
  title={Revised experimental upper limit on the electric dipole
                  moment of the neutron},
  author={Pendlebury, JM and Afach, S and Ayres, NJ and Baker, CA and
                  Ban, G and Bison, Georg and Bodek, Kazimierz and
                  Burghoff, M and Geltenbort, P and Green, K and
                  others},
  journal={Physical Review D},
  volume={92},
  number={9},
  pages={092003},
  year={2015},
  publisher={APS}
}

@article{lee1957parity,
  title={Parity nonconservation and a two-component theory of the neutrino},
  author={Lee, Tsung D and Yang, Chen-Ning},
  journal={Physical Review},
  volume={105},
  number={5},
  pages={1671},
  year={1957},
  publisher={APS}
}

@article{christenson1965regeneration,
  title={Regeneration of K 1 0 Mesons and the K 1 0-K 2 0 Mass Difference},
  author={Christenson, James H and Cronin, JW and Fitch, VL and Turlay, R},
  journal={Physical Review},
  volume={140},
  number={1B},
  pages={B74},
  year={1965},
  publisher={APS}
}


@book{khriplovich1997cp,
  title={CP violation without strangeness},
  author={Khriplovich, Iosif B and Lamoreaux, Steve K},
  year={1997},
  publisher={Springer}
}

@article{PhysRevLett.13.138,

  author = {Christenson, J. H. and Cronin, J. W. and Fitch, V. L. and Turlay, R.},
  journal = {Phys. Rev. Lett.},
  volume = {13},
  issue = {4},
  pages = {138--140},
  numpages = {0},
  year = {1964},
  month = {Jul},
  publisher = {American Physical Society},
  doi = {10.1103/PhysRevLett.13.138},
  url = {http://link.aps.org/doi/10.1103/PhysRevLett.13.138}
}


@article{romalis2001new,
  title={New limit on the permanent electric dipole moment of 199 Hg},
  author={Romalis, MV and Griffith, WC and Jacobs, JP and Fortson, EN},
  journal={Physical Review Letters},
  volume={86},
  number={12},
  pages={2505},
  year={2001},
  publisher={APS}
}

@article{PhysRev.78.807,
  title = {On the Possibility of Electric Dipole Moments for Elementary Particles and Nuclei},
  author = {Purcell, E. M. and Ramsey, N. F.},
  journal = {Phys. Rev.},
  volume = {78},
  issue = {6},
  pages = {807--807},
  numpages = {0},
  year = {1950},
  month = {Jun},
  publisher = {American Physical Society},
  doi = {10.1103/PhysRev.78.807},
  url = {http://link.aps.org/doi/10.1103/PhysRev.78.807}
}


@article{smith1957experimental,
  title={Experimental limit to the electric dipole moment of the neutron},
  author={Smith, JH and Purcell, EM and Ramsey, NF},
  journal={Physical Review},
  volume={108},
  number={1},
  pages={120},
  year={1957},
  publisher={APS}
}


@article{PhysRev.105.1413,
  title = {Experimental Test of Parity Conservation in Beta Decay},
  author = {Wu, C. S. and Ambler, E. and Hayward, R. W. and Hoppes, D. D. and Hudson, R. P.},
  journal = {Phys. Rev.},
  volume = {105},
  issue = {4},
  pages = {1413--1415},
  numpages = {0},
  year = {1957},
  month = {Feb},
  publisher = {American Physical Society},
  doi = {10.1103/PhysRev.105.1413},
  url = {http://link.aps.org/doi/10.1103/PhysRev.105.1413}
}

@article{PhysRev.105.1415,
  title = {Observations of the Failure of Conservation of Parity and Charge Conjugation in Meson Decays: the Magnetic Moment of the Free Muon},
  author = {Garwin, Richard L. and Lederman, Leon M. and Weinrich, Marcel},
  journal = {Phys. Rev.},
  volume = {105},
  issue = {4},
  pages = {1415--1417},
  numpages = {0},
  year = {1957},
  month = {Feb},
  publisher = {American Physical Society},
  doi = {10.1103/PhysRev.105.1415},
  url = {http://link.aps.org/doi/10.1103/PhysRev.105.1415}
}


@article{friedman1957nuclear,
  author={Friedman, Jerome I and Telegdi, VL},
  journal={Physical Review},
  volume={106},
  number={6},
  pages={1290},
  year={1957},
  publisher={APS}
}

@article{landau1957conservation,
  title={On the conservation laws for weak interactions},
  author={Landau, L},
  journal={Nuclear Physics},
  volume={3},
  number={1},
  pages={127--131},
  year={1957},
  publisher={Elsevier}
}

@article{PhysRev.106.517,
  title = {Possible Tests of Time Reversal Invariance in Beta Decay},
  author = {Jackson, J. D. and Treiman, S. B. and Wyld, H. W.},
  journal = {Phys. Rev.},
  volume = {106},
  issue = {3},
  pages = {517--521},
  numpages = {0},
  year = {1957},
  month = {May},
  publisher = {American Physical Society},
  doi = {10.1103/PhysRev.106.517},
  url = {http://link.aps.org/doi/10.1103/PhysRev.106.517}
}

@article{pospelov2005electric,
  title={Electric dipole moments as probes of new physics},
  author={Pospelov, Maxim and Ritz, Adam},
  journal={Annals of physics},
  volume={318},
  number={1},
  pages={119--169},
  year={2005},
  publisher={Elsevier}
}


@article{Cline,
     author         = "Cline, James M.",
     title          = "{Baryogenesis}",
      year           = "2006",
      eprint         = "hep-ph/0609145",
      archivePrefix  = "arXiv",
      primaryClass   = "hep-ph",
      SLACcitation   = "%%CITATION = HEP-PH/0609145;%%",
}

@article{Sakharov:1967dj,
      author         = "Sakharov, A.D.",
      title          = "{Violation of CP Invariance, c Asymmetry, and Baryon
                        Asymmetry of the Universe}",
      journal        = "Pisma Zh.Eksp.Teor.Fiz.",
      volume         = "5",
      pages          = "32-35",
      doi            = "10.1070/PU1991v034n05ABEH002497",
      year           = "1967",
      SLACcitation   = "%%CITATION = ZFPRA,5,32;%%",
}

@article{theearlyuniverse,
  title={The early universe.},
  author={Kolb, Edward W and Turner, Michael Stanley},
  journal={Front. Phys., Vol. 69,},
  volume={1},
  year={1990}
}


@article{cohen1993progress,
  title={Progress in electroweak baryogenesis},
  author={Cohen, Andrew G and Kaplan, DB and Nelson, AE},
  journal={Annual Review of Nuclear and Particle Science},
  volume={43},
  number={1},
  pages={27--70},
  year={1993},
  publisher={Annual Reviews 4139 El Camino Way, PO Box 10139, Palo Alto, CA 94303-0139, USA}
}

@article{graner2016reduced,
  title={Reduced Limit on the Permanent Electric Dipole Moment of $^{199}$ Hg},
  author={Graner, B and Chen, Y and Lindahl, EG and Heckel, BR},
  journal={arXiv preprint arXiv:1601.04339},
  year={2016}
  
@article{baker2011search,
  title={The search for the neutron electric dipole moment at the Paul Scherrer Institute},
  author={Baker, CA and Ban, G and Bodek, K and Burghoff, M and Chowdhuri, Z and Daum, M and Fertl, M and Franke, B and Geltenbort, P and Green, K and others},
  journal={Physics Procedia},
  volume={17},
  pages={159--167},
  year={2011},
  publisher={Elsevier}
}


@article{peng2008neutron,
  title={Neutron electric dipole moment experiments},
  author={Peng, Jen-Chieh},
  journal={Modern Physics Letters A},
  volume={23},
  number={17n20},
  pages={1397--1408},
  year={2008},
  publisher={World Scientific}
}


@article{altarev2014magnetically,
  title={A magnetically shielded room with ultra low residual field and gradient},
  author={Altarev, I and Babcock, E and Beck, D and Burghoff, M and Chesnevskaya, S and Chupp, T and Degenkolb, S and Fan, I and Fierlinger, P and Frei, A and others},
  journal={Review of scientific instruments},
  volume={85},
  number={7},
  pages={075106},
  year={2014},
  publisher={AIP Publishing}
}


@article{altarev2015large,
  title={A large-scale magnetic shield with 106 damping at millihertz frequencies},
  author={Altarev, I and Bales, M and Beck, DH and Chupp, T and Fierlinger, K and Fierlinger, P and Kuchler, F and Lins, T and Marino, MG and Niessen, B and others},
  journal={Journal of Applied Physics},
  volume={117},
  number={18},
  pages={183903},
  year={2015},
  publisher={AIP Publishing}
}


@article{altarev2015minimizing,
  title={Minimizing magnetic fields for precision experiments},
  author={Altarev, I and Fierlinger, P and Lins, T and Marino, MG and Nie{\ss}en, B and Petzoldt, G and Reisner, M and Stuiber, S and Sturm, M and Singh, J Taggart and others},
  journal={Journal of Applied Physics},
  volume={117},
  number={23},
  pages={233903},
  year={2015},
  publisher={AIP Publishing}
}

@article{altarev2012next,
  title={A next generation measurement of the electric dipole moment of the neutron at the FRM II},
  author={Altarev, I and Beck, DH and Chesnevskaya, S and Chupp, T and Feldmeier, W and Fierlinger, P and Frei, A and Gutsmiedl, E and Kuchler, F and Link, P and others},
  journal={Nuovo Cimento-C},
  volume={35},
  number={4},
  pages={122},
  year={2012}
}

@PhdThesis{beatrice,
author = {Beatrice Franke},
title = {Investigations of the internal and external magnetic fields of the neutron electric dipole moment experiment at the Paul Scherrer Institute},
school = {ETH Zurich},
year = {2013},
OPTkey = {•},
OPTtype = {•},
OPTaddress = {•},
OPTmonth = {•},
OPTnote = {•},
OPTannote = {•}
}

@PhdThesis{knecht,
author = {Andreas Knecht},
title = {Towards a New Measurement of the Neutron Electric Dipole Moment},
school = { Zurich},
year = {2009},
OPTkey = {•},
OPTtype = {•},
OPTaddress = {•},
OPTmonth = {•},
OPTnote = {•},
OPTannote = {•}
}

@article{golub1994neutron,
  title={Neutron electric-dipole moment, ultracold neutrons and polarized 3 He},
  author={Golub, Robert and Lamoreaux, Steve K},
  journal={Physics Reports},
  volume={237},
  number={1},
  pages={1--62},
  year={1994},
  publisher={Elsevier}
}

@book{golub1991ultra,
  title={Ultra-cold neutrons},
  author={Golub, Robert and Richardson, D and Lamoreaux, Steve K},
  year={1991},
  publisher={CRC Press}
}

@Article{PDG,
author = {K. A. Olive et al. (Particle Data Group)},
title = {2015 Review of Particle Physics},
journal = {Chin. Phys. C},
year = {(2014) and 2015 update},
OPTkey = {•},
OPTvolume = {38},
OPTnumber = {090001},
OPTpages = {•},
OPTmonth = {•},
OPTnote = {•},
OPTannote = {•}
}

@article{masuda2002spallation,
  title={Spallation ultracold-neutron production in superfluid helium},
  author={Masuda, Y and Kitagaki, T and Hatanaka, K and Higuchi, M and Ishimoto, S and Kiyanagi, Y and Morimoto, K and Muto, S and Yoshimura, M},
  journal={Physical review letters},
  volume={89},
  number={28},
  pages={284801},
  year={2002},
  publisher={}
}

@article{masuda2012spallation,
  title={Spallation ultracold neutron source of superfluid helium below 1 K},
  author={Masuda, Yasuhiro and Hatanaka, Kichiji and Jeong, Sun-Chan and Kawasaki, Shinsuke and Matsumiya, Ryohei and Matsuta, Kensaku and Mihara, Mototsugu and Watanabe, Yutaka},
  journal={Physical review letters},
  volume={108},
  number={13},
  pages={134801},
  year={2012},
  publisher={APS}
}

@article{Baker2006,
  title={Improved experimental limit on the electric dipole moment of the neutron},
  author={Baker, CA and Doyle, DD and Geltenbort, P and Green, K and Van der Grinten, MGD and Harris, PG and Iaydjiev, P and Ivanov, SN and May, DJR and Pendlebury, JM and others},
  journal={Physical Review Letters},
  volume={97},
  number={13},
  pages={131801},
  year={2006},
  publisher={APS}
}

@article{Serebrov2009,
  title={Ultracold-neutron infrastructure for the PNPI/ILL neutron EDM experiment},
  author={Serebrov, AP and Geltenbort, P and Shoka, IV and Shmelev, GE and Kharitonov, AG and Vassiliev, AV and Krasnoshekova, IA and Lasakov, MS and Siber, EV and Fomin, AK and others},
  journal={Nuclear Instruments and Methods in Physics Research Section A: Accelerators, Spectrometers, Detectors and Associated Equipment},
  volume={611},
  number={2-3},
  pages={263--266},
  year={2009},
  publisher={Elsevier}
}


@article{Lam_Gol,
  title={Experimental searches for the neutron electric dipole moment},
  author={Lamoreaux, SK and Golub, R},
  journal={Journal of Physics G: Nuclear and Particle Physics},
  volume={36},
  number={10},
  pages={104002},
  year={2009},
  publisher={IOP Publishing}
}


@article{Altarev2010,
  title={An improved measurement of the electric dipole moment of the neutron},
  author={Altarev, I and Ban, G and Bison, G and Bodek, K and Burghoff, M and Chowdhuri, Z and Daum, M and D{\"u}sing, C and Fertl, M and Fierlinger, P and others},
  journal={Nuclear Physics A},
  volume={844},
  number={1-4},
  pages={47c--52c},
  year={2010},
  publisher={Elsevier}
}

@article{Pendlebury2015,
  title={Revised experimental upper limit on the electric dipole moment of the neutron},
  author={Pendlebury, JM and Afach, S and Ayres, NJ and Baker, CA and Ban, G and Bison, Georg and Bodek, Kazimierz and Burghoff, Martin and Geltenbort, Peter and Green, Katie and others},
  journal={Physical Review D},
  volume={92},
  number={9},
  pages={092003},
  year={2015},
  publisher={APS}
}

@article{Paul2009,
  title={The puzzle of neutron lifetime},
  author={Paul, Stephan},
  journal={Nuclear Instruments and Methods in Physics Research Section A: Accelerators, Spectrometers, Detectors and Associated Equipment},
  volume={611},
  number={2-3},
  pages={157--166},
  year={2009},
  publisher={Elsevier}
}

@article{Wietfeldt2011,
  title={Colloquium: The neutron lifetime},
  author={Wietfeldt, Fred E and Greene, Geoffrey L},
  journal={Reviews of Modern Physics},
  volume={83},
  number={4},
  pages={1173},
  year={2011},
  publisher={APS}
}

@article{Arzumanov2000,
  title={Neutron life time value measured by storing ultracold neutrons with detection of inelastically scattered neutrons},
  author={Arzumanov, S and Bondarenko, L and Chernyavsky, S and Drexel, W and Fomin, A and Geltenbort, P and Morozov, V and Panin, Yu and Pendlebury, J and Schreckenbach, K},
  journal={Physics Letters B},
  volume={483},
  number={1-3},
  pages={15--22},
  year={2000},
  publisher={Elsevier}
}

@article{Serebrov2005,
  title={Measurement of the neutron lifetime using a gravitational trap and a low-temperature Fomblin coating},
  author={Serebrov, A and Varlamov, V and Kharitonov, A and Fomin, A and Pokotilovski, Yu and Geltenbort, P and Butterworth, J and Krasnoschekova, I and Lasakov, M and Tal'daev, R and others},
  journal={Physics Letters B},
  volume={605},
  number={1-2},
  pages={72--78},
  year={2005},
  publisher={Elsevier}
}

@article{Huffman,
  title={Magnetic trapping of neutrons},
  author={Huffman, Paul R and Brome, CR and Butterworth, JS and Coakley, KJ and Dewey, Maynard S and Dzhosyuk, SN and Golub, R and Greene, GL and Habicht, K and Lamoreaux, Steve K and others},
  journal={Nature},
  volume={403},
  number={6765},
  pages={62},
  year={2000},
  publisher={Nature Publishing Group}
}

@article{Mendenhall,
  title = {Precision measurement of the neutron $\ensuremath{\beta}$-decay asymmetry},
  author = {Mendenhall, M. P. and Pattie, R. W. and Bagdasarova, Y. and Berguno, D. B. and Broussard, L. J. and Carr, R. and Currie, S. and Ding, X. and Filippone, B. W. and Garc\'{\i}a, A. and Geltenbort, P. and Hickerson, K. P. and Hoagland, J. and Holley, A. T. and Hong, R. and Ito, T. M. and Knecht, A. and Liu, C.-Y. and Liu, J. L. and Makela, M. and Mammei, R. R. and Martin, J. W. and Melconian, D. and Moore, S. D. and Morris, C. L. and P\'erez Galv\'an, A. and Picker, R. and Pitt, M. L. and Plaster, B. and Ramsey, J. C. and Rios, R. and Saunders, A. and Seestrom, S. J. and Sharapov, E. I. and Sondheim, W. E. and Tatar, E. and Vogelaar, R. B. and VornDick, B. and Wrede, C. and Young, A. R. and Zeck, B. A.},
  collaboration = {UCNA Collaboration},
  journal = {Phys. Rev. C},
  volume = {87},
  issue = {3},
  pages = {032501},
  numpages = {6},
  year = {2013},
  month = {Mar},
  publisher = {American Physical Society},
  doi = {10.1103/PhysRevC.87.032501},
  url = {https://link.aps.org/doi/10.1103/PhysRevC.87.032501}
}



@article{Broussard,
author = {Broussard,Leah  and UCNB Collaboration},
title = {UCNB: The neutrino asymmetry in polarized ultracold neutron decay},
journal = {AIP Conference Proceedings},
volume = {1560},
number = {1},
pages = {149-151},
year = {2013},
doi = {10.1063/1.4826741},

URL = { 
        https://aip.scitation.org/doi/abs/10.1063/1.4826741
    
},
eprint = { 
        https://aip.scitation.org/doi/pdf/10.1063/1.4826741
    
}
}


@article{Serebrov2008
  title={Experimental search for neutron--mirror neutron oscillations using storage of ultracold neutrons},
  author={Serebrov, AP and Aleksandrov, EB and Dovator, NA and Dmitriev, SP and Fomin, AK and Geltenbort, P and Kharitonov, AG and Krasnoschekova, IA and Lasakov, MS and Murashkin, AN and others},
  journal={Physics Letters B},
  volume={663},
  number={3},
  pages={181--185},
  year={2008},
  publisher={Elsevier}
}


@article{Zimmer2010,
  title={Search for spin-dependent macroscopic short-range interactions using neutron spin precession close to a mirror},
  author={Zimmer, O},
  journal={Physics Letters B},
  volume={685},
  number={1},
  pages={38--40},
  year={2010},
  publisher={Elsevier}
}

@article{Baessler,
  title={Constraint on the coupling of axionlike particles to matter via an ultracold neutron gravitational experiment},
  author={Baessler, S and Nesvizhevsky, VV and Protasov, KV and Voronin, A Yu},
  journal={Physical Review D},
  volume={75},
  number={7},
  pages={075006},
  year={2007},
  publisher={APS}
}

@article{Serebrov2010,
  title={Search for macroscopic CP violating forces using a neutron EDM spectrometer},
  author={Serebrov, Anatoly Pavlovich and Zimmer, O and Geltenbort, P and Fomin, Aleksei Konstantinovich and Ivanov, SN and Kolomensky, EA and Krasnoshekova, IA and Lasakov, MS and Lobashev, Vladimir Mikhailovich and Pirozhkov, AN and others},
  journal={JETP letters},
  volume={91},
  number={1},
  pages={6--10},
  year={2010},
  publisher={Springer}
}

@article{jenke2014gravity,
  title={Gravity resonance spectroscopy constrains dark energy and dark matter scenarios},
  author={Jenke, T and Cronenberg, G and Burgd{\"o}rfer, J and Chizhova, LA and Geltenbort, P and Ivanov, AN and Lauer, T and Lins, T and Rotter, S and Saul, H and others},
  journal={Physical review letters},
  volume={112},
  number={15},
  pages={151105},
  year={2014},
  publisher={APS}
}

@article{Afach2015,
  title={Constraining interactions mediated by axion-like particles with ultracold neutrons},
  author={Afach, S and Ban, Gert and Bison, Georg and Bodek, Kazimierz and Burghoff, M and Daum, M and Fertl, M and Franke, B and Gruji{\'c}, ZD and Helaine, V and others},
  journal={Physics Letters B},
  volume={745},
  pages={58--63},
  year={2015},
  publisher={Elsevier}
}

@article{Altarev2009,
  title={I. Altarev et al., Phys. Rev. Lett. 103, 081602 (2009).},
  author={Altarev, I},
  journal={Phys. Rev. Lett.},
  volume={103},
  pages={081602},
  year={2009}
}

@article{Nesvizhevsky2003,
  title={Measurement of quantum states of neutrons in the Earth’s gravitational field},
  author={Nesvizhevsky, Valery V and B{\"o}rner, HG and Gagarski, AM and Petoukhov, AK and Petrov, GA and Abele, H and Bae{\ss}ler, S and Divkovic, G and Rue{\ss}, FJ and St{\"o}ferle, Th and others},
  journal={Physical Review D},
  volume={67},
  number={10},
  pages={102002},
  year={2003},
  publisher={APS}
}

@article{Golub75,
title = {Super-thermal sources of ultra-cold neutrons},
author = {R.GolubJ.M.Pendlebury},
journal = {Physics Letters A},
volume = {53},
number = {2},
pages = {133-135},
year = {1975},
publisher = {Elsevier}
}

@article{Zimmer2011,
  title={Superthermal source of ultracold neutrons for fundamental physics experiments},
  author={Zimmer, Oliver and Piegsa, Florian M and Ivanov, Sergey N},
  journal={Physical review letters},
  volume={107},
  number={13},
  pages={134801},
  year={2011},
  publisher={APS}
}

@article{PDG2016,
  title={Review of particle physics},
  author={Patrignani, C and Particle Data Group and others},
  journal={Chinese physics C},
  volume={40},
  number={10},
  pages={100001},
  year={2016},
  publisher={IOP Publishing}
}

@article{Steyerl1986,
  title={A new source of cold and ultracold neutrons},
  author={Steyerl, A and Nagel, H and Schreiber, F-X and Steinhauser, K-A and G{\"a}hler, R and Gl{\"a}ser, W and Ageron, P and Astruc, JM and Drexel, W and Gervais, G and others},
  journal={Physics Letters A},
  volume={116},
  number={7},
  pages={347--352},
  year={1986},
  publisher={Elsevier}
}

@article{Steyerl1975,
  title={A “neutron turbine” as an efficient source of ultracold neutrons},
  author={Steyerl, A},
  journal={Nuclear Instruments and Methods},
  volume={125},
  number={3},
  pages={461--469},
  year={1975},
  publisher={Elsevier}
}

@techreport{ucnbook,
  title={Ultra-cold neutrons, Adam Hilger, Bristol, Philadelphia, New York},
  author={Golub, R and Richardson, DJ and Lamoureaux, SK},
  year={1991},
  institution={ISBN 0-7503-0115-5}
}

@CONFERENCE{Albert_talk,
  author = {Albert R. Young},
  title = {},
  booktitle = {},
  year = {2016},
  address = {JGU Mainz, Germany},
  month = {Apr.~11 - 15},
  url = {}
}

@article{Brome2001,
  title={Magnetic trapping of ultracold neutrons},
  author={Brome, Clinton Reed and Butterworth, JS and Dzhosyuk, SN and Mattoni, CEH and McKinsey, DN and Doyle, JM and Huffman, PR and Dewey, MS and Wietfeldt, FE and Golub, R and others},
  journal={Physical review C},
  volume={63},
  number={5},
  pages={055502},
  year={2001},
  publisher={APS}
}



